@STRING{CVGIP        = "Comput. Vision Graphics Image Process."}
@STRING{JRSS_B        = "J. Royal Statis. Soc. Series B"}
@STRING{ICCV        = "{IEEE} Int. Conf. Comput. Vis."}
@STRING{ECCV        = "Europ. Conf. Comput. Vis."}
@STRING{CVPR        = "{IEEE} Conf. Comput. Vis. Pattern Recogn."}
@STRING{ISIVC         = "Proc. {IEEE} Int. Symp. signal, Image, Video, Commun."}
--
EOF
