@article{jain1979,
  author = "Jain, Ramesh and Nagel, H.-H.",
  year = "1979",
  title = "On the Analysis of Accumulative Difference Pictures from Image Sequences of Real World Scenes",
  journal = IEEE_J_PAMI,
  volume = "PAMI-1",
  number = "2",
  pages = "206-214",
  month = apr
}

@article{sklansky1982,
 author = {Sklansky, Jack},
 title = {Finding the Convex Hull of a Simple Polygon},
 journal = {Pattern Recogn. Lett.},
 issue_date = {December, 1982},
 volume = {1},
 number = {2},
 month = dec,
 year = {1982},
 issn = {0167-8655},
 pages = {79--83},
 numpages = {5},
 doi = {10.1016/0167-8655(82)90016-2},
 acmid = {2306049},
 publisher = {Elsevier Science Inc.},
 address = {New York, NY, USA},
 keywords = {Pattern recognition, algorithmic complexity, computational geometry, convex hull, simple polygon},
} 

@article{suzuki1985,
  added-at = {2006-09-04T00:00:00.000+0200},
  author = {Suzuki, Satoshi and Abe, Keiichi},
  biburl = {http://www.bibsonomy.org/bibtex/2ad5f28891fb63752f5c5b739a8dcfc2d/dblp},
  date = {2006-09-04},
  description = {dblp},
  ee = {http://dx.doi.org/10.1016/0734-189X(85)90016-7},
  interhash = {6ebecf05bd8fd5de51037ab7d86431fb},
  intrahash = {ad5f28891fb63752f5c5b739a8dcfc2d},
  journal = CVGIP,
  keywords = {dblp},
  number = 1,
  pages = {32-46},
  timestamp = {2006-09-04T00:00:00.000+0200},
  title = {Topological structural analysis of digitized binary images by border following.},
  volume = 30,
  year = 1985
}

@article{greig1989,
    author = {Greig, D. M. and Porteous, B. T. and Seheult, A. H.},
    title = {Exact maximum a posteriori estimation for binary images},
    journal = JRSS_B,
    volume = 51,
    number = 2,
    pages = {271-279},
    year = 1989
}

@inproceedings{kaewtrakulpong2002,
  author        = "KaewTraKulPong, P. and Bowden, R.",
  title         = "An Improved Adaptive Background Mixture Model for Real-time Tracking with Shadow Detection",
  booktitle     = "Proc. Europ. Workshop Adv. Video Based Surveillance Syst. ({AVBS} '01)",
  month = sep,
  year          = "2001",
  pages         = "135-144"
}

@conference{hayman2003,
    author    = {Eric Hayman and Jan-Olof Eklundh},
    title     = {Statistical background subtraction for a mobile observer},
    booktitle   = {Proc. 9th Int. Conf. Computer Vision},
    volumn   = 1,
    pages    = {67-74},
    month = oct,
    year      = 2003
}

@conference{zivkovic2004,
    author    = {Zoran Zivkovic},
    title     = {Improved adaptive Gaussian mixture model for background subtraction},
    booktitle   = {Proc. 17th Int. Conf. Pattern Recogn.},
    volumn   = {2},
    pages    = {28-31},
    month = aug,
    year      = {2004}
}

@article{boykov2004,
    author = {Y. Boykov and V. Kolmogorov},
    title = {An Experimental Comparison of Min-Cut/Max-Flow Algorithms forEnergy Minimization in Vision},
    journal = IEEE_J_PAMI,
    volume = 26,
    number = 9,
    pages = {1124-1137},
    month = sep,
    year = 2004
}
 
 @inproceedings{zhang2007,
 author = {Zhang, Jing and Shi, Fanhuai and Wang, Jianhua and Liu, Yuncai},
 title = {3D Motion Segmentation from Straight-line Optical Flow},
 booktitle = {Proc. Int.l Conf. Multimedia Content Analysis and Mining},
 series = {MCAM'07},
 year = {2007},
 isbn = {978-3-540-73416-1},
 location = {Weihai, China},
 pages = {85--94},
 numpages = {10},
 acmid = {1776611},
 publisher = {Springer-Verlag},
 address = {Berlin, Heidelberg},
} 

@inproceedings{zeng2007,
  author    = {Hui{-}Chi Zeng and
               Shang{-}Hong Lai},
  title     = {Adaptive Foreground Object Extraction for Real-Time Video Surveillance
               with Lighting Variations},
  booktitle = {Proc. {IEEE} Int. Conf. Acoust., Speech, Signal Process.},
  pages     = {1201--1204},
  month = apr,
  year      = {2007},
  doi       = {10.1109/ICASSP.2007.366129},
  timestamp = {Wed, 09 Apr 2014 19:47:39 +0200},
  biburl    = {http://dblp2.uni-trier.de/rec/bib/conf/icassp/ZengL07},
  bibsource = {dblp computer science bibliography, http://dblp.org}
}

@article{colombari2007,
    author    = {A. Colombari and A. Fusiello and and V. Murino},
    title     = {Segmentation and tracking of multiple video objects},
    journal   = {Pattern Recognition},
    volume   = 40,
    number   = 4,
    pages    = {1307-1317},
    year      = 2007
}
 
@article{kumer2008,
    author = {M. P. Kumar and P. H. Torr and A. Zisserman},
    title = {Learning layered motion segmentations of video},
    journal = {Int. J. Comput. Vis.},
    year = {2008},
    volume = {76},
    number = {3},
    pages = {301-319}
 }

@INPROCEEDINGS{moore2008, 
author={Moore, A.P. and Prince, S. and Warrell, J. and Mohammed, U. and Jones, G.}, 
booktitle={{IEEE} Conf. Computer Vision and Pattern Recognition}, 
title={Superpixel lattices}, 
year={2008}, 
pages={1-8}, 
keywords={image resolution;image segmentation;image sequences;video signal processing;human-segmented images;image parsing algorithms;image reconstruction;superpixel lattices;topological constraint;unsupervised oversegmentation;video sequences;Educational institutions;Europe;Image resolution;Image segmentation;Laboratories;Lattices;Partitioning algorithms;Pixel;Spatial resolution;Topology}, 
doi={10.1109/CVPR.2008.4587471}, 
ISSN={1063-6919}, 
month={June},
}

@INPROCEEDINGS{zhu2008, 
author={Lihua Zhu and Wang, C. and Guangfei Zhu and Bo Han and Heng Wang and Peijie Huang and En-Hua Wu}, 
booktitle={{IEEE} Asia Pacif. Conf. Circuits and Systems}, 
title={Image spatial diffusion on GPUs}, 
year={2008}, 
pages={610-613}, 
keywords={Gaussian processes;computer graphic equipment;filtering theory;image colour analysis;GPU;color image diffusion effect;content-aware images;enhanced bilateral filter;image spatial diffusion;inverted-Gaussian-spatial bilateral filter;mean-shift kernel density estimation;Animation;Approximation algorithms;Computational efficiency;Filters;Image coding;Image segmentation;Kernel;Motion pictures;Spatiotemporal phenomena;Video compression}, 
doi={10.1109/APCCAS.2008.4746097}, 
month={Nov},
}
 
@article{ostrovsky2009,
    title = {Visual Parsing After Recovery From Blindness},
    author = {Yuri Ostrovsky and Ethan Meyers and Suma Ganesh and Umang Mathur and Pawan Sinha},
    journal = {Psy. Sci.},
    volume = 20,
    number = 12,
    pages = {1484-1491},
    month = dec,
    year = 2009
}

@conference{sheikh2009,
    author    = {Yaser Sheikh and Omar Javed and Takeo Kanade},
    title     = {Background Subtraction for Freely Moving Cameras},
    booktitle   = ICCV,
    pages    = {1219-1225},
    year      = 2009
}

 @conference{brox2010,
    author    = {Thomas Brox and Jitendra Malik},
    title     = {Object Segmentation by Long Term Analysis of Point Trajectories},
    booktitle   = {Europ. Conf. Comput. Vis.},
    pages   = {282-295},
    month = sep,
    year      = 2010
}
 
 @article{li2010,
  author = {Y. Li and E. Adelson and A. Agarwala},
  year = 2010,
  title = {Instant propagation of sparse edits on images and videos},
  journal = {Comput. Graphics Forum},
  volume = 29,
  number = 7,
  pages = {2049-2054}
}

@conference{endres2010,
    author    = {Ian Endres and Derek Hoiem},
    title     = {Category Independent Object Proposals},
    booktitle   = {Europ. Conf. Comput. Vis.},
    pages = {575-588},
    month = sep,
    year      = 2010
}

@InProceedings{ochs2011,
  author       = "P. Ochs and T. Brox",
  title        = "Object segmentation in video: a hierarchical variational approach for turning point trajectories into dense regions",
  booktitle    = ICCV,
  month = nov,
  year         = 2011,
}

@conference{lee2011,
    author    = {Y. J. Lee and J. Kim and K. Grauman},
    title     = {Key-segments for video object segmentation},
    booktitle   = ICCV,
    month = nov,
    year      = 2011
}

@article{dahan2011,
  added-at = {2012-11-02T00:00:00.000+0100},
  author = {Dahan, Meir Johnathan and Chen, Nir and Shamir, Ariel and Cohen-Or, Daniel},
  biburl = {http://www.bibsonomy.org/bibtex/2fd915deffaebc7e3e9ad85e6576662e4/dblp},
  ee = {http://dx.doi.org/10.1007/s00371-011-0667-7},
  interhash = {109a783c30faf6ae5d39b3e87b47ffd7},
  intrahash = {fd915deffaebc7e3e9ad85e6576662e4},
  journal = {The Vis. Comput.},
  keywords = {dblp},
  number = 12,
  pages = {1181-1193},
  timestamp = {2012-11-03T11:38:51.000+0100},
  title = {Combining color and depth for enhanced image segmentation and retargeting.},
  volume = 28,
  year = 2012
}

@conference{tao2012,
  author = {M. W. Tao and A. Krishnaswamy},
  title = {Fast Adaptive Edge-Aware Mask Generation},
  booktitle = {Proc. Graphics Interface},
  year = 2012,
  pages = {77-83}
}

@conference{elqursh2012,
    author    = {Ali Elqursh and Ahmed Elgammal},
    title     = {Online Moving Camera Background Subtraction},
    booktitle   = ECCV,
    volumn   = {Part VI},
    pages    = {228-241},
    year      = 2012
}

@conference{ma2012,
    author    = {Tianyang Ma and L.J. Lateck.},
    title     = {Maximum weight cliques with mutex constraints for video object segmentation},
    booktitle   = CVPR,
    pages    = {670-677},
    month = jun,
    year      = 2012
}

@InProceedings{ochs2012,
  author       = "P.Ochs and T.Brox",
  title        = "Higher Order Motion Models and Spectral Clustering",
  booktitle    = CVPR,
  pages = {614-621},
  month = jun,
  year         = 2012,
}

@article{achanta2012,
    author    = {R. Achanta and A. Shaji and K. Smith and A. Lucchi and P. Fua and S. Susstrunk},
    title     = {SLIC Superpixels Compared to State-of-the-art Superpixel Methods},
    journal   = IEEE_J_PAMI,
    volume   = 34,
    number = 11,
    pages    = {2274-2281},
    year      = 2012
}

@conference{papazoglou2013,
    author  = "Anestis Papazoglou and Vittorio Ferrari",
    title   = "Fast object segmentation in unconstrained video",
    booktitle = ICCV,
    year    = "2013",
    pages   = "1777-1784"
}

@article{graciela2013,
    author    = {Ramírez A. Graciela and Chacón M. Mario I},
    title     = {New Trends on Dynamic Object Segmentation in Video Sequences: A Survey},
    journal   = {RIEE\&C},
    volume   = 11,
    number   = 1,
    pages    = {29-42},
    year      = 2013
}

@conference{zhang2013,
    author    = {Dong Zhang and Omar Javed and Mubarak Shah},
    title     = {Video Object Segmentation through Spatially Accurate and Temporally Dense Extraction of Primary Object Regions},
    booktitle   = CVPR,
    pages = {628-635},
    month = jun,
    year      = 2013
}

@conference{f-li2013,
    author    = {Fuxin Li and Taeyoung Kim and Ahmad Humayun and David Tsai and James M. Rehg},
    title     = {Video Segmentation by Tracking Many Figure-Ground Segments},
    booktitle   = ICCV,
    month = jun,
    year      = {2013},
    pages = {2192-2199}
}
 
@article{sobral2014,
    author    = {Andrews Sobrala and Antoine Vacavant},
    title     = {A comprehensive review of background subtraction algorithms evaluated with synthetic and real videos},
    journal   = {Comput. Vis. Image Understanding},
    volume   = 122,
    pages    = {4-21},
    year      = 2014
}
 
@conference{siva2014,
    author = {Parthipan Siva and Alexander Wong},
    title = {Grid Seams: A Fast Superpixel Algorithm for Real-Time Applications},
    booktitle = {Canadian Conf. Comput. Robot Vis.},
    pages = {127-134},
    year = 2014
}

@conference{wang2015,
    author    = {Wenguan Wang and Jianbing Shen and Fatih Porikli},
    title     = {Saliency-Aware Geodesic Video Object Segmentation},
    booktitle   = CVPR,
    month = jun,
    year      = 2015,
    pages = {3395-3402}
}

@conference{taylor2015,
    author    = {B. Taylor and V. Karasev and S. Soatto},
    title     = {Causal Video Object Segmentation from Persistence of Occlusions},
    booktitle   = CVPR,
    month = jun,
    year      = 2015
}

@conference{decombas2012,
    author    = {M. Decombas and E. Renan and F. Capman and F. Dufaux and B. Pesquet-Popescu},
    title     = {Closed loop Seams Approximation for Video Compression},
    booktitle   = ISIVC,
    month = jul,
    year      = 2012
}

@conference{wang2012,
    author    = {S. Wang and J. Fu and Y. Lu and S. Li and W.M. Gao},
    title     = {Content-aware layered compound video compression},
    booktitle   = {Circuits and Systems (ISCAS)},
    month = may,
    year      = 2012
}

@article{chen2015,
    author    = {C. Chen and J. Cai and W. Lin and G. Shi},
    title     = {Incremental low-rank and sparse decomposition for compressing videos captured by fixed cameras},
    journal   = {Vis. Comm. and Image Rep.}, 
    volume   = 26,
    pages    = {338-348},
    year      = 2015
}


