@inproceedings{eisert2008,
  author        = "P. Eisert and P. Fechteler",
  title         = "Low delay streaming of computer graphics",
  booktitle     = "In Proceedings of the 15th IEEE International Conference on Image Processing, (ICIP 2008)",
  year          = 2008,
  pages         = "2704-2707"
}

@article{lamberti2007,
  author = "F. Lamberti AND A. Sanna",
  year = "2007",
  title = "A streaming-based solution for remote visualization of 3D graphics on mobile devices",
  journal = {IEEE Trans. Vis. Comput. Graph},
  volume = 13,
  issue = 2,
  pages = {247-260}
}

@article{lu2011,
  author = "Yan Lu and Shipeng Li and Huifeng Shen",
  year = "2011",
  title = "Virtualized Screen: A Third Element for Cloud- Mobile Convergence",
  journal = {IEEE MultiMedia},
  volume = 18,
  issue = 2,
  pages = {4-11},
  month = apr
}

@article{shi2015,
  author = "Shu Shi and Cheng-Hsin Hsu",
  year = "2015",
  title = "A Survey of Interactive Remote Rendering Systems",
  journal = {ACM Computing Surveys (CSUR)},
  volume = 47,
  issue = 4,
  pages = "57",
  month = jul
}

@inproceedings{beigbeder2004,
  author        = "T. Beigbeder and R. Coughlan and C. Lusher and J. Plunkett and E. Agu and M. Claypool",
  title         = "The effects of loss and latency on user performance in unreal tournament 2003",
  booktitle     = "Proceedings of NetGames?04",
  year          = 2004,
  pages = "144-151"
}

@article{liu2014,
  author = "Yao Liu and Shaoxuan Wang and Sujit Dey",
  year = "2014",
  title = "Content-Aware Modeling and Enhancing User Experience in Cloud Mobile Rendering and Streaming",
  journal = {IEEE J. on Emerging and Selected Topics in Circuits and Systems},
  volume = 4,
  issue = {1},
  pages = {43-56},
  month = mar
}

@inproceedings{boukerche2006,
  author        = "A. Boukerche and R. W. N. Pazzi",
  title         = "Remote rendering and streaming of progressive panoramas for mobile devices",
  booktitle     = "Proceedings of the 14th Annual ACM International Conference on Multimedia (Multimedia?06)",
  year          = 2006,
  pages = "691-694"
}

@phdthesis{mcmillan1997,
  author = {L. McMillan},
  school = {Department of Computer Science. University of North Carolina at Chapel Hill},
  title = {An image-based approach to three-dimensional computer graphics},
  year = 1997,
}

@inproceedings{engel1999,
  author        = "Klaus Engel and Rüdiger Westermann and Thomas Ertl",
  title         = "Isosurface Extraction Techniques for Web-based Volume Visualization",
  booktitle     = "Visualization '99. Proceedings",
  year          = 1999
}

@inproceedings{levoy1995,
  author        = "Marc Levoy",
  title         = "Polygon-Assisted JPEG and MPEG Compression of Synthetic Images",
  booktitle     = "Proceedings of the 22nd Annual Conference on Computer Graphics and Interactive Techniques (SIGGRAPH ?95)",
  year          = 1995,
  pages = "21-28"
}

@inproceedings{chen1995,
  author        = "Shenchange Eric Chen",
  title         = "QuickTime VR: an image-based approach to virtual environment navigation",
  booktitle     = "SIGGRAPH '95 Proceedings of the 22nd annual conference on Computer graphics and interactive techniques",
  year          = 1995
}

@inproceedings{chang2002,
  author        = "C.-F. Chang and S.-H. Ger.",
  title         = "Enhancing 3D graphics on mobile devices by image-based rendering",
  booktitle     = "In Proceedings of the 3rd IEEE Pacific Rim Conference on Multimedia: Advances in Multimedia Infor- mation Processing (PCM?02)",
  year          = 2002
}

@article{shi2012,
  author = "S. Shi and K. Nahrstedt and R. Campbell",
  year = "2012",
  title = "A real-time remote rendering system for interactive mobile graphics",
  journal = {ACM Trans. Multimedia Comput., Commun., Appl. (TOMCCAP)},
  volume = 8,
  issue = {3s},
  pages = {43-56},
  number = {46}
}
